<?xml version="1.0" encoding="UTF-8"?>
<marc:collection xmlns:marc="http://www.loc.gov/MARC21/slim" xmlns:xsi="http://www.w3.org/2001/XMLSchema-instance" xsi:schemaLocation="http://www.loc.gov/MARC21/slim http://www.loc.gov/standards/marcxml/schema/MARC21slim.xsd">
   <marc:record type="Bibliographic">
      <marc:leader>02542cam a2200469 a 4500</marc:leader>
      <marc:controlfield tag="001">330357</marc:controlfield>
      <marc:controlfield tag="003">NjP</marc:controlfield>
      <marc:controlfield tag="005">20140709105730.0</marc:controlfield>
      <marc:controlfield tag="008">860918q19601969ir            000 0 arard</marc:controlfield>
      <marc:datafield tag="024" ind1="7" ind2=" ">
         <marc:subfield code="a">princeton_aco000012</marc:subfield>
         <marc:subfield code="2">local</marc:subfield>
      </marc:datafield>
      <marc:datafield tag="035" ind1=" " ind2=" ">
         <marc:subfield code="a">(OCoLC)ocn175803273</marc:subfield>
      </marc:datafield>
      <marc:datafield tag="035" ind1=" " ind2=" ">
         <marc:subfield code="a">(OCoLC)122817441</marc:subfield>
      </marc:datafield>
      <marc:datafield tag="040" ind1=" " ind2=" ">
         <marc:subfield code="a">NjP</marc:subfield>
         <marc:subfield code="c">PUL</marc:subfield>
         <marc:subfield code="d">PUL</marc:subfield>
      </marc:datafield>
      <marc:datafield tag="066" ind1=" " ind2=" ">
         <marc:subfield code="c">(3</marc:subfield>
      </marc:datafield>
      <marc:datafield tag="035" ind1=" " ind2=" ">
         <marc:subfield code="a">(OCoLC)175803273</marc:subfield>
      </marc:datafield>
      <marc:datafield tag="035" ind1=" " ind2=" ">
         <marc:subfield code="a">(CStRLIN)NJPG86-B41273</marc:subfield>
      </marc:datafield>
      <marc:datafield tag="035" ind1=" " ind2=" ">
         <marc:subfield code="9">ABQ5683TS</marc:subfield>
      </marc:datafield>
      <marc:datafield tag="035" ind1=" " ind2=" ">
         <marc:subfield code="a">(NjP)330357</marc:subfield>
      </marc:datafield>
      <marc:datafield tag="079" ind1=" " ind2=" ">
         <marc:subfield code="a">ocn122817441</marc:subfield>
      </marc:datafield>
      <marc:datafield tag="049" ind1=" " ind2=" ">
         <marc:subfield code="a">PULL</marc:subfield>
      </marc:datafield>
      <marc:datafield tag="100" ind1="1" ind2=" ">
         <marc:subfield code="6">880-01</marc:subfield>
         <marc:subfield code="a">Taftāzānī, Masʻūd ibn ʻUmar,</marc:subfield>
         <marc:subfield code="d">1322-1389?</marc:subfield>
      </marc:datafield>
      <marc:datafield tag="240" ind1="1" ind2="0">
         <marc:subfield code="6">880-02</marc:subfield>
         <marc:subfield code="a">Mukhtaṣar al-Maʻānī</marc:subfield>
      </marc:datafield>
      <marc:datafield tag="245" ind1="1" ind2="0">
         <marc:subfield code="6">880-03</marc:subfield>
         <marc:subfield code="a">Sharḥ al-mukhtaṣar ʻalá Talkhīṣ al-Miftāḥ lil-khaṭīb al-Qazwīnī fī al-maʻānī wa-al-bayān wa-al-badīʻ /</marc:subfield>
         <marc:subfield code="c">li-Saʻd al-Dīn al-Taftāzānī ; wa-qad rattaba ṭabʻihi wa-ʻallaqa ḥawāshīhi wa-zāda fī shawāhidihi ʻAbd al-Muttaʻāl al-Ṣaʻīdī ...</marc:subfield>
      </marc:datafield>
      <marc:datafield tag="260" ind1=" " ind2=" ">
         <marc:subfield code="6">880-04</marc:subfield>
         <marc:subfield code="a">Qum :</marc:subfield>
         <marc:subfield code="b">Kitābfurūsh Katabī Najafī,</marc:subfield>
         <marc:subfield code="c">[196-?]</marc:subfield>
      </marc:datafield>
      <marc:datafield tag="300" ind1=" " ind2=" ">
         <marc:subfield code="a">2 v. in 1 ;</marc:subfield>
         <marc:subfield code="c">25 cm.</marc:subfield>
      </marc:datafield>
      <marc:datafield tag="500" ind1=" " ind2=" ">
         <marc:subfield code="a">A commentary by al-Taftāzānī on Talkhīṣ al-Miftāḥ by al-Qazwīnī.  The latter work is itself an extract from al-Sakkākī's Miftāḥ al-ʻulūm part 3 (ʻIlm al-maʻānī wa-al-bayān).</marc:subfield>
      </marc:datafield>
      <marc:datafield tag="500" ind1=" " ind2=" ">
         <marc:subfield code="a">Partially vocalized.</marc:subfield>
      </marc:datafield>
      <marc:datafield tag="650" ind1=" " ind2="0">
         <marc:subfield code="a">Arabic language</marc:subfield>
         <marc:subfield code="x">Rhetoric.</marc:subfield>
      </marc:datafield>
      <marc:datafield tag="700" ind1="1" ind2=" ">
         <marc:subfield code="6">880-05</marc:subfield>
         <marc:subfield code="a">Qazwīnī, Jalāl al-Dīn Muḥammad ibn ʻAbd al-Raḥmān,</marc:subfield>
         <marc:subfield code="d">1267 or 8-1338.</marc:subfield>
         <marc:subfield code="t">Talkhīṣ al-Miftāḥ.</marc:subfield>
      </marc:datafield>
      <marc:datafield tag="740" ind1="0" ind2=" ">
         <marc:subfield code="6">880-06</marc:subfield>
         <marc:subfield code="a">Sharḥ al-mukhtaṣar.</marc:subfield>
      </marc:datafield>
      <marc:datafield tag="740" ind1="0" ind2=" ">
         <marc:subfield code="6">880-07</marc:subfield>
         <marc:subfield code="a">Mukhtaṣar al-Maʻānī.</marc:subfield>
      </marc:datafield>
      <marc:datafield tag="880" ind1="1" ind2=" ">
         <marc:subfield code="6">100-01/(3/r</marc:subfield>
         <marc:subfield code="a">تفتازاني، مسعود بن عمر،</marc:subfield>
         <marc:subfield code="d">1322-1389؟</marc:subfield>
      </marc:datafield>
      <marc:datafield tag="880" ind1="1" ind2="0">
         <marc:subfield code="6">240-02/(3/r</marc:subfield>
         <marc:subfield code="a">مختصر المعاني</marc:subfield>
      </marc:datafield>
      <marc:datafield tag="880" ind1="1" ind2="0">
         <marc:subfield code="6">245-03/(3/r</marc:subfield>
         <marc:subfield code="a">شرح المختصر على تلخيص المفتاح للخطيب القزويني في المعاني والبيان والبديع /</marc:subfield>
         <marc:subfield code="c">لسعد الدين التفتازاني ؛ وقد رتب طبعه وعلق حواشيه وزاد في شواهده عبد المتعال الصعيدي ...</marc:subfield>
      </marc:datafield>
      <marc:datafield tag="880" ind1=" " ind2=" ">
         <marc:subfield code="6">260-04/(3/r</marc:subfield>
         <marc:subfield code="a">قم :</marc:subfield>
         <marc:subfield code="b">كتابفروش كتبي نجفي،</marc:subfield>
         <marc:subfield code="c">[196-؟]</marc:subfield>
      </marc:datafield>
      <marc:datafield tag="880" ind1="1" ind2=" ">
         <marc:subfield code="6">700-05/(3/r</marc:subfield>
         <marc:subfield code="a">قزويني، جلال الدين محمد بن عبد الرحمن،</marc:subfield>
         <marc:subfield code="d">1267 or 8-1338.</marc:subfield>
         <marc:subfield code="t">تلخيص المفتاح.</marc:subfield>
      </marc:datafield>
      <marc:datafield tag="880" ind1="0" ind2=" ">
         <marc:subfield code="6">740-06/(3/r</marc:subfield>
         <marc:subfield code="a">شرح المختصر.</marc:subfield>
      </marc:datafield>
      <marc:datafield tag="880" ind1="0" ind2=" ">
         <marc:subfield code="6">740-07/(3/r</marc:subfield>
         <marc:subfield code="a">مختصر المعاني.</marc:subfield>
      </marc:datafield>
      <marc:datafield tag="998" ind1=" " ind2=" ">
         <marc:subfield code="a">09/18/86</marc:subfield>
         <marc:subfield code="s">9124</marc:subfield>
         <marc:subfield code="n">NjP</marc:subfield>
         <marc:subfield code="w">NJPG86B41273</marc:subfield>
         <marc:subfield code="d">09/18/86</marc:subfield>
         <marc:subfield code="c">SSH</marc:subfield>
         <marc:subfield code="b">JCB</marc:subfield>
         <marc:subfield code="i">860918</marc:subfield>
         <marc:subfield code="l">NJPG</marc:subfield>
      </marc:datafield>
      <marc:datafield tag="948" ind1=" " ind2=" ">
         <marc:subfield code="a">CON PC2</marc:subfield>
      </marc:datafield>
      <marc:datafield tag="911" ind1=" " ind2=" ">
         <marc:subfield code="a">19921028</marc:subfield>
      </marc:datafield>
      <marc:datafield tag="912" ind1=" " ind2=" ">
         <marc:subfield code="a">19900827000000.0</marc:subfield>
      </marc:datafield>
      <marc:datafield tag="994" ind1=" " ind2=" ">
         <marc:subfield code="a">C0</marc:subfield>
         <marc:subfield code="b">PUL</marc:subfield>
      </marc:datafield>
      <marc:datafield tag="999" ind1=" " ind2=" ">
         <marc:subfield code="a">330357</marc:subfield>
      </marc:datafield>
   </marc:record>
</marc:collection>
